@article{LiquidSense,
author = {Ren, Yili and Tan, Sheng and Zhang, Linghan and Wang, Zi and Wang, Zhi and Yang, Jie},
title = {Liquid Level Sensing Using Commodity WiFi in a Smart Home Environment},
year = {2020},
volume = {4},
number = {1},
journal = {Proc. ACM Interact. Mob. Wearable Ubiquitous Technol.},
month = {mar},
articleno = {24},
numpages = {30}
}

@article{GlassHarp,
  title={グラスハープの音響特性に基づくはじき動作による水量推定},
  author={栗田 雄一 and 祖父江 厚志 and 池田 篤俊 and 小笠原 司},
  journal={日本ロボット学会誌},
  volume={29},
  number={4},
  pages={361-368},
  year={2011}
}

@inproceedings{SoQr,
author = {Fan, Mingming and Truong, Khai N.},
title = {SoQr: Sonically Quantifying the Content Level inside Containers},
year = {2015},
booktitle = {Proceedings of the 2015 ACM International Joint Conference on Pervasive and Ubiquitous Computing},
pages = {3–14},
numpages = {12},
series = {UbiComp '15}
}

@inproceedings{PlayfulBottle,
author = {Chiu, Meng-Chieh and Chang, Shih-Ping and Chang, Yu-Chen and Chu, Hao-Hua and Chen, Cheryl Chia-Hui and Hsiao, Fei-Hsiu and Ko, Ju-Chun},
title = {Playful Bottle: A Mobile Social Persuasion System to Motivate Healthy Water Intake},
year = {2009},
booktitle = {Proceedings of the 11th International Conference on Ubiquitous Computing},
pages = {185–194},
numpages = {10},
series = {UbiComp '09}
}

@INPROCEEDINGS{SmartBottle,
author={Tommy, Robin and Raja V., Vinesh and Krishna, Aswahty S.},
booktitle={2017 International Conference on Current Trends in Computer, Electrical, Electronics and Communication (CTCEEC)},
title={Interactive Water Bottle Application on a Smart Phone to Enhance User Water Consumption},
year={2017},
volume={},
number={},
pages={1072-1073}
}

@inproceedings{GROW,
author = {Kaner, G\"{u}l and Gen\c{c}, H\"{u}seyin U\u{g}ur and Din\c{c}er, Salih Berk and Erdo\u{g}an, Deniz and Co\c{s}kun, Aykut},
title = {GROW: A Smart Bottle That Uses Its Surface as an Ambient Display to Motivate Daily Water Intake},
year = {2018},
booktitle = {Extended Abstracts of the 2018 CHI Conference on Human Factors in Computing Systems},
pages = {1–6},
numpages = {6},
series = {CHI EA '18}
}

@INPROCEEDINGS{smart_faucet1,
author={Dutta, Prachi and Dontiboyina, Uzval Sai Gopinadha Varma},
booktitle={2016 Second International Conference on Computational Intelligence   Communication Technology (CICT)},
title={Faucet Add-On Water Supply Management System Using Smart Sensors},
year={2016},
volume={},
number={},
pages={468-471}
}

@article{smart_faucet2,
title={AN ARDUINO BASED SMART FAUCET DESIGN},
volume={7},
number={5},
journal={COMPUSOFT: An International Journal of Advanced Computer Technology},
author={Al-Yemni, Abdulrhman and Al-Balam, Saad and Al-Kulib, Saad and Al-Haija, Qasem Abu},
year={2018},
month={May}
}

@INPROCEEDINGS{smart_faucet3,
author={Sawidin, Sukandar and Pongoh, Deitje Sofie and Ramschie, Ali Akbar Sreven},
booktitle={2018 International Conference on Applied Science and Technology (iCAST)},
title={Design of Smart Home Control System Based on Android},
year={2018},
volume={},
number={},
pages={165-170}
}

@inproceedings{sound_sensing1,
author = {Kato, Hiroyuki and Takemura, Kentaro},
title = {Hand Pose Estimation Based on Active Bone-Conducted Sound Sensing},
year = {2016},
booktitle = {Proceedings of the 2016 ACM International Joint Conference on Pervasive and Ubiquitous Computing: Adjunct},
pages = {109–112},
numpages = {4},
series = {UbiComp '16}
}

@inproceedings{BreathPrint,
author = {Chauhan, Jagmohan and Hu, Yining and Seneviratne, Suranga and Misra, Archan and Seneviratne, Aruna and Lee, Youngki},
title = {BreathPrint: Breathing Acoustics-Based User Authentication},
year = {2017},
booktitle = {Proceedings of the 15th Annual International Conference on Mobile Systems, Applications, and Services},
pages = {278–291},
numpages = {14},
series = {MobiSys '17}
}

@article{Breeze,
author = {Shih, Chen-Hsuan (Iris) and Tomita, Naofumi and Lukic, Yanick X. and Reguera, \'{A}lvaro Hern\'{a}ndez and Fleisch, Elgar and Kowatsch, Tobias},
title = {Breeze: Smartphone-Based Acoustic Real-Time Detection of Breathing Phases for a Gamified Biofeedback Breathing Training},
year = {2019},
volume = {3},
number = {4},
journal = {Proc. ACM Interact. Mob. Wearable Ubiquitous Technol.},
month = {dec},
articleno = {152},
numpages = {30}
}

@article{Auto++,
author = {Li, Sugang and Fan, Xiaoran and Zhang, Yanyong and Trappe, Wade and Lindqvist, Janne and Howard, Richard E.},
title = {Auto++: Detecting Cars Using Embedded Microphones in Real-Time},
year = {2017},
volume = {1},
number = {3},
journal = {Proc. ACM Interact. Mob. Wearable Ubiquitous Technol.},
month = {sep},
articleno = {70},
numpages = {20}
}

@inproceedings{sound_sensing2,
author = {Mujibiya, Adiyan and Cao, Xiang and Tan, Desney S. and Morris, Dan and Patel, Shwetak N. and Rekimoto, Jun},
title = {The Sound of Touch: On-Body Touch and Gesture Sensing Based on Transdermal Ultrasound Propagation},
year = {2013},
booktitle = {Proceedings of the 2013 ACM International Conference on Interactive Tabletops and Surfaces},
pages = {189–198},
numpages = {10},
series = {ITS '13}
}

@inproceedings{SkullConduct,
author = {Schneegass, Stefan and Oualil, Youssef and Bulling, Andreas},
title = {SkullConduct: Biometric User Identification on Eyewear Computers Using Bone Conduction Through the Skull},
year = {2016},
booktitle = {Proceedings of the 2016 CHI Conference on Human Factors in Computing Systems},
pages = {1379–1384},
numpages = {6},
series = {CHI '16}
}

@INPROCEEDINGS{smart_home1,
author={Xu, Yao and Shaull, Jonathan and Bavar, Travis and Tan, Lizhe},
booktitle={2018 IEEE International Conference on Consumer Electronics (ICCE)},
title={Smart coffee roaster design with connected devices},
year={2018},
volume={},
number={},
pages={1-5}
}

@INPROCEEDINGS{smart_home2,
author={Hirai, Shigeyuki and Takamura, Michi},
booktitle={2019 IEEE International Conference on Pervasive Computing and Communications Workshops (PerCom Workshops)},
title={Everyday Life ToDo Display on Ceiling for Smart Living Space},
year={2019},
volume={},
number={},
pages={239-242}
}

@INPROCEEDINGS{smart_home3,
author={Hossain, Nazmul and Liao, Jing and Zhou, Dong},
booktitle={2021 2nd Information Communication Technologies Conference (ICTC)},
title={Person Presence Detection and Control the Water Faucet Line in the Bathtub},
year={2021},
volume={},
number={},
pages={241-248}
}

@INPROCEEDINGS{smart_refrigerator1,
author={Qiao, Shouming and Zhu, Hongzhen and Zheng, Lijuan and Ding, Jianrui},
booktitle={2017 IEEE International Conference on Computational Science and Engineering (CSE) and IEEE International Conference on Embedded and Ubiquitous Computing (EUC)},
title={Intelligent Refrigerator Based on Internet of Things},
year={2017},
volume={2},
number={},
pages={406-409}
}

@INPROCEEDINGS{smart_refrigerator2,
author={Mallikarjun, B. C. and Harshitha, S. and Harshita, B. K. and Bhavani, S and Tarwey, Sonakshi},
booktitle={2020 International Conference for Emerging Technology (INCET)},
title={Smart Refrigerator: An IOT and Machine learning based Approach},
year={2020},
volume={},
number={},
pages={1-4}
}

@INPROCEEDINGS{smart_refrigerator3,
author={Avinash, N J and Pinto, Renita and Bhat, Sowmya and Chetan, R and Moorthy, H Rama},
booktitle={2020 International Conference on Power, Energy, Control and Transmission Systems (ICPECTS)},
title={Smart Fridge for Global Users Based on IOT Using Deep Learning},
year={2020},
volume={},
number={},
pages={1-4}
}

@INPROCEEDINGS{smart_refrigerator4,
author={Gupta, Shreya and Giri, Shivanshu and Srivastava, Tushar and Agarwal, Pavan and Sharma, Reena and Agrawal, Amit},
booktitle={2021 International Conference on Advance Computing and Innovative Technologies in Engineering (ICACITE)},
title={Smart Refrigerator based on ‘Internet of Things’},
year={2021},
volume={},
number={},
pages={436-439}
}
