@article{
  iris_eye,
  title={虹彩および目の周辺の分割画像を用いた個人認証},
  author={白川功浩, 吉浦 裕, 市野将嗣},
  booktitle={情報処理学会論文誌},
  volume={59}
  number={9}
  pages={1726--1738},
  year={2018}
}
