@inproceedings{
  face,
  author={当麻 凌平 and 花泉 弘},
  title={ステレオカメラを用いた顔認証システム},
  booktitle={第80回全国大会講演論文集},
  year={2018},
  volume={2018},
  number={1},
  pages={453--454},
  month={mar}
}

@article{
  door,
  title={掌紋認証を装備したインテリジェントドアノブシステムの開発},
  author={佐藤 公則 and 篠原 耕成 and 鹿嶋 雅之 and 渡邊 睦},
  journal={画像電子学会誌},
  volume={40},
  number={5},
  pages={778-784},
  year={2011},
  doi={10.11371/iieej.40.778}
}

@article{
  acceleration,
  title={加速度センサとジャイロセンサを併用したスマホ回しによる認証手法の提案},
  author={成ケ澤 遼太郎 and 小倉 加奈代 and 児玉 英一郎 and 王 家宏 and 高田 豊雄},
  journal={電気関係学会東北支部連合大会講演論文集},
  volume={2016},
  number={ },
  pages={162-162},
  year={2016},
  doi={10.11528/tsjc.2016.0_162}
}

@article{
  iris_eye,
  author={白川 功浩 and 吉浦 裕 and 市野 将嗣},
  title={虹彩および目の周辺の分割画像を用いた個人認証},
  journal={情報処理学会論文誌},
  year={2018},
  volume={59},
  number={9},
  pages={1726--1738},
  month={sep}
}

@inproceedings{
  mouth_pattern,
  author={岸里 正樹 and 高井 昌彰},
  title={M-031 口唇領域の動きの画像認識を用いたスマートデバイス向けパターンロックシステム(M分野:ユビキタス・モバイルコンピューティング,一般論文)},
  booktitle={情報科学技術フォーラム講演論文集},
  year={2015},
  volume={14},
  number={4},
  pages={363--364},
  month={aug}
}

@article{
  finger_print,
  author={越前 功 and 大金 建夫},
  title={写真からの指紋復元の脅威とその対策技術},
  journal={情報処理},
  year={2017},
  volume={58},
  number={9},
  pages={824--829},
  month={aug}
}

@techreport{
  glasses,
  author={田中 洸平 and 寺田 努 and 宇山 彩香 and 杉野 哲造 and 塚本 昌彦},
  title={メガネ型デバイスを用いた経皮水分蒸散量の常時測定システム},
  year={2018},
  institution={神戸大学大学院工学研究科, 神戸大学大学院工学研究科／科学技術振興機構さきがけ, 株式会社桃谷順天館, 株式会社桃谷順天館, 神戸大学大学院工学研究科},
  number={35},
  month={feb}
}

@techreport{
  happymouth,
  author={石井 綾郁 and 小松 孝徳 and 橋本 直},
  title={HappyMouth:マスク型デバイスによる対面コミュニケーション能力の拡張},
  year={2018},
  institution={明治大学, 明治大学, 明治大学},
  number={7},
  month={mar}
}

@article{
  cap_sensor,
  title={導電性高分子電極を用いた帽子型筋電センサの提案},
  author={新島 有信 and 伊勢崎 隆司 and 青木 良輔 and 渡部 智樹 and 山田 智広},
  journal={電子情報通信学会論文誌D},
  volume={J101-D},
  number={10},
  pages={1378--1387},
  year={2018}
}

@techreport{
  ear,
  author={雨坂 宇宙 and 渡邉 拓貴 and 杉本 雅則},
  title={外耳道伝達関数を用いた頭部状態認識手法},
  year={2019},
  institution={北海道大学大学院情報科学研究科, 北海道大学大学院情報科学研究科, 北海道大学大学院情報科学研究科},
  number={7},
  month={feb}
}

@techreport{
  mouth,
  author={山下 将平 and 寺田 努 and 塚本 昌彦},
  title={口周辺の形状変化による状況認識手法},
  year={2017},
  institution={神戸大学大学院工学研究科, 神戸大学大学院工学研究科／科学技術振興機構さきがけ, 神戸大学大学院工学研究科},
  number={21},
  month={may}
}

@article{
  fast_mcd,
  author = {Peter J. Rousseeuw and Katrien Van Driessen},
  title = {A Fast Algorithm for the Minimum Covariance Determinant Estimator},
  journal = {Technometrics},
  volume = {41},
  number = {3},
  pages = {212-223},
  year  = {1999},
  publisher = {Taylor & Francis},
  doi = {10.1080/00401706.1999.10485670},
  URL = {https://amstat.tandfonline.com/doi/abs/10.1080/00401706.1999.10485670},
  eprint = {https://amstat.tandfonline.com/doi/pdf/10.1080/00401706.1999.10485670}
}