@InProceedings{accelerometer_wareble,
author = {{P. Casale, O. Pujol, P. Radeva}},
title = {Human Activity Recognition from Accelerometer Data Using a Wearable Device},
booktitle = {Pattern Recognition and Image Analysis},
year = {2011},
pages = {289--296}
}

@ARTICLE{accelerometer_positioning,
author={{L. Atallah, B. Lo, R. King, G. Yang}},
booktitle={IEEE Transactions on Biomedical Circuits and Systems},
title={Sensor Positioning for Activity Recognition Using Wearable Accelerometers},
year={2011},
volume={5},
number={4},
pages={320--329}
}

@article{smartphone_accelerometer,
author = {{A. Bayat, M. Pomplun, D. A. Tran}},
title = {A Study on Human Activity Recognition Using Accelerometer Data from Smartphones},
booktitle = {The 9th International Conference on Future Networks and Communications (FNC'14)/The 11th International Conference on Mobile Systems and Pervasive Computing (MobiSPC'14)/Affiliated Workshops},
volume = {34},
pages = {450--457},
year = {2014}
}

@ARTICLE{compare_recognition,
author={{A. Wang, G. Chen, J. Yang, S. Zhao, C. Chang}}, 
booktitle={IEEE Sensors Journal},  
title={A Comparative Study on Human Activity Recognition Using Inertial Sensors in a Smartphone},
year={2016}, 
volume={16},  
number={11}, 
pages={4566--4578}
}

@ARTICLE{performance_analysis,
author={{Y. Chen, C. Shen}},  
booktitle={IEEE Access}, 
title={Performance Analysis of Smartphone-Sensor Behavior for Human Activity Recognition}, 
year={2017},
volume={5}, 
pages={3095--3110}
}

@ARTICLE{device_free,  
author={{W. Wang, A. X. Liu, M. Shahzad, K. Ling, S. Lu}}, 
booktitle={IEEE Journal on Selected Areas in Communications}, 
title={Device-Free Human Activity Recognition Using Commercial WiFi Devices},  
year={2017},
volume={35},
number={5}, 
pages={1118--1131}
}

@INPROCEEDINGS{single_accelerometer_cnn,
author={{Y. Chen, Y. Xue}},  
booktitle={2015 IEEE International Conference on Systems, Man, and Cybernetics}, 
title={A Deep Learning Approach to Human Activity Recognition Based on Single Accelerometer}, 
year={2015}, 
pages={1488--1492}
}

@inproceedings{dcnn,
author = {{W. Jiang, Z. Yin}},
title = {Human Activity Recognition Using Wearable Sensors by Deep Convolutional Neural Networks},
year = {2015},
booktitle = {Proceedings of the 23rd ACM International Conference on Multimedia},
pages = {1307--1310},
numpages = {4}
}
  
@inproceedings{lstm,
title={{LSTM Networks for Mobile Human Activity Recognition}},
author={{Y. Chen, K. Zhong, J. Zhang, Q. Sun, X. Zhao}},
year={2016},
booktitle={2016 International Conference on Artificial Intelligence: Technologies and Applications},
pages={50--53}
}

@article{deepconv,
author = {{F. Javier Ordóñez, D. Roggen}},
title = {Deep, Convolutional and LSTM Recurrent Neural Networks for Multimodal Wearable Activity Recognition},
booktitle = {MDPI Sensors},
volume = {16},
issue = {1},
pages = {1--25},
year = {2016}
}

@article{ex1,
author = {{P. Lago, S. Takeda, K. Adachi, S. Shamma Alia, M. Matsuki, B. Benaissa, S. Inoue, François Charpillet}},
title = {Cooking Activity Dataset with Macro and Micro Activities},
booktitle = {IEEE DataPort},
doi = {10.21227/hyzg-9m49},
year = {2020}
}

@article{ex2,
author = {{P. Lago, S. Takeda, S. Shamma Alia, K. Adachi, B. Benaissa, F. Charpillet, S. Inoue}},
title = {A Dataset for Complex Activity Recognition with Micro and Macro Activities in a Cooking Scenario},
booktitle = {preprint},
year = {2020}
}

@article{ex3,
author = {{S. Shamma Alia, P. Lago, S. Takeda, K. Adachi, B. Benaissa, Md A. R. Ahad, S. Inoue}},
title = {Summary of the Cooking Activity Recognition Challenge},
booktitle = {Human Activity Recognition Challenge, Smart Innovation, Systems and Technologies, Springer Nature},
year = {2020}
}