@inproceedings{
face,
author={当麻凌平 and 花泉 弘},
title={ステレオカメラを用いた顔認証システム},
booktitle={第80回全国大会講演論文集},
year={2018},
volume={2018},
number={1},
pages={453--454}
}

@article{
door,
title={掌紋認証を装備したインテリジェントドアノブシステムの開発},
author={佐藤公則 and 篠原耕成 and 鹿嶋雅之 and 渡邊 睦},
journal={画像電子学会誌},
volume={40},
number={5},
pages={778--784},
year={2011},
doi={10.11371/iieej.40.778}
}

@article{
acceleration,
title={加速度センサとジャイロセンサを併用したスマホ回しによる認証手法の提案},
author={成ケ澤遼太郎 and 小倉加奈代 and 児玉英一郎 and 王 家宏 and 高田豊雄},
journal={平成28年度電気関係学会東北支部連合大会講演論文集},
volume={2016},
pages={162--162},
year={2016},
doi={10.11528/tsjc.2016.0_162}
}

@article{
iris_eye,
author={白川功浩 and 吉浦 裕 and 市野将嗣},
title={虹彩および目の周辺の分割画像を用いた個人認証},
journal={情報処理学会論文誌},
year={2018},
volume={59},
number={9},
pages={1726--1738}
}

@inproceedings{
mouth_pattern,
author={岸里正樹 and 高井昌彰},
title={M-031 口唇領域の動きの画像認識を用いたスマートデバイス向けパターンロックシステム},
booktitle={第14回情報科学技術フォーラム(FIT2015)講演論文集},
year={2015},
volume={14},
number={4},
pages={363--364}
}

@article{
finger_print,
author={越前 功 and 大金建夫},
title={写真からの指紋復元の脅威とその対策技術},
journal={情報処理},
year={2017},
volume={58},
number={9},
pages={824--829}
}

@techreport{
glasses,
author={田中洸平 and 寺田 努 and 宇山彩香 and 杉野哲造 and 塚本昌彦},
title={メガネ型デバイスを用いた経皮水分蒸散量の常時測定システム},
booktitle={情報処理学会研究報告ユビキタスコンピューティングシステム（UBI）},
year={2018},
number={35},
pages={1--7}
}

@techreport{
happymouth,
author={石井綾郁 and 小松孝徳 and 橋本 直},
title={HappyMouth:マスク型デバイスによる対面コミュニケーション能力の拡張},
booktitle={情報処理学会研究報告ヒューマンコンピュータインタラクション（HCI）},
year={2018},
number={7},
pages={1--7}
}

@article{
cap_sensor,
author={新島有信 and 伊勢崎隆司 and 青木良輔 and 渡部智樹 and 山田智広},
title={導電性高分子電極を用いた帽子型筋電センサの提案},
journal={電子情報通信学会論文誌D},
volume={J101-D},
number={10},
pages={1378--1387},
year={2018}
}

@techreport{
ear,
author={雨坂宇宙 and 渡邉拓貴 and 杉本雅則},
title={外耳道伝達関数を用いた頭部状態認識手法},
booktitle={研究報告ユビキタスコンピューティングシステム（UBI）},
year={2019},
number={7},
pages={1--8}
}

@techreport{
mouth,
author={山下将平 and 寺田 努 and 塚本昌彦},
title={口周辺の形状変化による状況認識手法},
booktitle={情報処理学会研究報告コンシューマ・デバイス＆システム（CDS）},
year={2017},
number={21},
pages={1--6}
}

@article{
fast_mcd,
author = {P.J. Rousseeuw and K. Van Driessen},
title = {A Fast Algorithm for the Minimum Covariance Determinant Estimator},
journal = {Technometrics},
volume = {41},
number = {3},
pages = {212--223},
year  = {1999}
}

@article{
fast_mcd_old,
author = {Peter J. Rousseeuw and Katrien Van Driessen},
title = {A Fast Algorithm for the Minimum Covariance Determinant Estimator},
journal = {Technometrics},
volume = {41},
number = {3},
pages = {212--223},
year  = {1999},
publisher = {Taylor & Francis},
doi = {10.1080/00401706.1999.10485670},
URL = {https://amstat.tandfonline.com/doi/abs/10.1080/00401706.1999.10485670},
eprint = {https://amstat.tandfonline.com/doi/pdf/10.1080/00401706.1999.10485670}
}


@inproceedings{
face_auth,
author={Qian Tao and Raymond N.J. Veldhuis},
title={Biometric authentication for a mobile personal device},
booktitle={Annual International Conference on Mobile and Ubiquitous Systems: Networking \& Services Workshops},
pages={1--3},
year={2006}
}

@article{
disaster,
author={中尾拓磨 and 伊藤 敦 and 鍵山憲幸 and 森下 久},
title={防災用ヘルメットアンテナに関する検討 (アンテナ・伝播)},
journal={電子情報通信学会技術研究報告 : 信学技報},
ISSN={0913--5685},
publisher={一般社団法人電子情報通信学会},
year={2013},
month={jan},
volume={112},
number={384},
pages={69--74},
URL={https://ci.nii.ac.jp/naid/110009733817/}
}

@INPROCEEDINGS{disaster_en,
author={Nakao, Takuma and Hung, Nguyen Tuan and Nagatoshi, Mio and Morishita, Hisashi},
booktitle={Proceedings of the 2012 IEEE International Symposium on Antennas and Propagation},
title={Fundamental study on curved folded dipole antenna},
year={2012},
volume={},
number={},
pages={1-2}
}

@article{
helmet,
author={R.G. Attewell and K. Glase and M. McFadden},
title={Bicycle helmet efficacy: a meta-analysis},
journal={Accident Analysis \& Prevention},
volume={33},
number={3},
pages={345--352},
year={2001}
}

@article{
helmet_old,
author={R.G. Attewell and K. Glase and M. McFadden},
title={Bicycle helmet efficacy: a meta-analysis},
journal={Accident Analysis \& Prevention},
volume={33},
number={3},
pages={345--352},
year={2001},
issn={0001-4575},
doi={https://doi.org/10.1016/S0001-4575(00)00048-8},
url={http://www.sciencedirect.com/science/article/pii/S0001457500000488}
}

@INPROCEEDINGS{
face_and_finger,
author={Y. {Chen} and J. {Sun} and X. {Jin} and T. {Li} and R. {Zhang} and Y. {Zhang}},
booktitle={IEEE INFOCOM 2017},
title={Your face your heart: Secure mobile face authentication with photoplethysmograms},
year={2017},
volume={},
number={},
pages={1--9}
}

@ARTICLE{
finger_CNN,
author={R. F. {Nogueira} and R. {de Alencar Lotufo} and R. {Campos Machado}},
journal={IEEE Transactions on Information Forensics and Security},
title={Fingerprint Liveness Detection Using Convolutional Neural Networks},
year={2016},
volume={11},
number={6},
pages={1206-1213}
}

@InProceedings{
palm_print,
author={Ajay Siddharth, J. and Hari Prabha, A. P. and Srinivasan, T. J. and Lalithamani, N.},
title={Palm Print and Palm Vein Biometric Authentication System},
booktitle={Artificial Intelligence and Evolutionary Computations in Engineering Systems},
year={2017},
pages={539--545}
}

@InProceedings{
palm_print_full,
author={Ajay Siddharth, J. and Hari Prabha, A. P. and Srinivasan, T. J. and Lalithamani, N.},
editor={Dash, Subhransu Sekhar and Vijayakumar, K. and Panigrahi, Bijaya Ketan and Das, Swagatam},
title={Palm Print and Palm Vein Biometric Authentication System},
booktitle={Artificial Intelligence and Evolutionary Computations in Engineering Systems},
year={2017},
publisher={Springer Singapore},
address={Singapore},
pages={539--545},
isbn={978-981-10-3174-8}
}

@Article{
accelerometer_authentification,
author={Guerra-Casanova, J. and S{\'a}nchez-{\'A}vila, C. and Bailador, G. and de Santos Sierra, A.},
title={Authentication in mobile devices through hand gesture recognition},
journal={International Journal of Information Security},
year={2012},
volume={11},
number={2},
pages={65--83}
}

@Article{
accelerometer_authentification_old,
author={Guerra-Casanova, J. and S{\'a}nchez-{\'A}vila, C. and Bailador, G. and de Santos Sierra, A.},
title={Authentication in mobile devices through hand gesture recognition},
journal={International Journal of Information Security},
year={2012},
volume={11},
number={2},
pages={65--83},
issn={1615-5270},
doi={10.1007/s10207-012-0154-9},
url={https://doi.org/10.1007/s10207-012-0154-9}
}

@InProceedings{
eye_movement,
author={Bednarik, R. and Kinnunen, T. and Mihaila, A. and Fr{\"a}nti, P.},
title={Eye-Movements as a Biometric},
booktitle={Image Analysis},
year={2005},
pages={780--789}
}

@InProceedings{
eye_movement_old,
author={Bednarik, R. and Kinnunen, T. and Mihaila, A. and Fr{\"a}nti, P.},
editor={Kalviainen, Heikki and Parkkinen, Jussi and Kaarna, Arto},
title={Eye-Movements as a Biometric},
booktitle={Image Analysis},
year={2005},
publisher={Springer Berlin Heidelberg},
address={Berlin, Heidelberg},
pages={780--789},
isbn={978-3-540-31566-7}
}

@INPROCEEDINGS{
lip_motion,
author={A. {Sayo} and Y. {Kajikawa} and M. {Muneyasu}},
booktitle={ICICSP 2011},
title={Biometrics authentication method using lip motion in utterance},
year={2011},
volume={},
number={},
pages={1--5}
}

@ARTICLE{
teeth_and_voice,
author={D. {Kim} and K. {Hong}},
journal={IEEE Transactions on Consumer Electronics},
title={Multimodal biometric authentication using teeth image and voice in mobile environment},
year={2008},
volume={54},
number={4},
pages={1790--1797}
}

@InProceedings{
smart_wristband,
author={Ham, Jooyeun and Hong, Jonggi and Jang, Youngkyoon and Ko, Seung Hwan and Woo, Woontack},
editor={Streitz, Norbert and Markopoulos, Panos},
title={Smart Wristband: Touch-and-Motion--Tracking Wearable 3D Input Device for Smart Glasses},
booktitle={Distributed, Ambient, and Pervasive Interactions},
year={2014},
publisher={Springer International Publishing},
address={Cham},
pages={109--118},
isbn={978-3-319-07788-8}
}

@INPROCEEDINGS{
smart_cap,
author={A. {Nishajith} and J. {Nivedha} and S. S. {Nair} and J. {Mohammed Shaffi}},
booktitle={2018 International Conference on Inventive Research in Computing Applications (ICIRCA)},
title={Smart Cap - Wearable Visual Guidance System for Blind},
year={2018},
volume={},
number={},
pages={275--278}
}

@INPROCEEDINGS{
bioglass,
author={J. {Hernandez} and Y. {Li} and J. M. {Rehg} and R. W. {Picard}},
booktitle={2014 4th International Conference on Wireless Mobile Communication and Healthcare - Transforming Healthcare Through Innovations in Mobile and Wireless Technologies (MOBIHEALTH)},
title={BioGlass: Physiological parameter estimation using a head-mounted wearable device},
year={2014},
volume={},
number={},
pages={55--58}
}

@INPROCEEDINGS{
facial_expression_glasses,
author={J. {Kwon} and D. {Kim} and W. {Park} and L. {Kim}},  
booktitle={EMBC 2016},
title={A wearable device for emotional recognition using facial expression and physiological response},
year={2016},
volume={},
number={},
pages={5765--5768}
}

@INPROCEEDINGS{
facial_expression_headset,
author={J. {Toth} and M. {Arvaneh}},  
booktitle={EMBC 2017},
title={Facial expression classification using EEG and gyroscope signals},
year={2017},
volume={},
number={},
pages={1018--1021}
}

@INPROCEEDINGS{
murao_screen_unlock_blind,
author ={R. {Izuta} and K. {Murao} and T. {Terada} and T. {Iso} and H. {Inamura} and M. {Tsukamoto}},
title = {Screen Unlocking Method using Behavioral Characteristics when Taking Mobile Phone from Pocket},
booktitle = {MoMM 2016},
pages = {110--114},
year = {2016}
}

@INPROCEEDINGS{
murao_screen_unlock,
author ={*****Blind for review*****},
title = {},
booktitle = {},
pages = {},
year = {}
}

@misc{scipy,
author = {{}},
title = {{SciPy.org}},
howpublished = {\url{https://scipy.org}}
}

@misc{scikit-learn,
author = "",
title = {scikit-learn},
howpublished = {\url{https://scikit-learn.org}}
}

@inproceedings{fukumoto,
author = {K. {Fukumoto} and T. {Terada} and M. {Tsukamoto}},
title = {A smile/laughter recognition mechanism for smile-based life logging},
booktitle = {AH '13},
year = {2013},
pages = {213–220}
}

@article{head_top_camera,
author ={D. {Kouno} and K. {Shimada} and T. {Endo}},
title = {Person Identification Using Top-View Image with Depth Information},
journal = {International Journal of Software Innovation},
volume = {1},
number = {2},
pages = {67--79},
year = {2013}
}

@INPROCEEDINGS{ear_auth,
author = {T. {Arakawa} and T. {Koshinaka} and S. {Yano} and H. {Irisawa} and R. {Miyahara} and H. {Imaoka}},
title = {Fast and Accurate Personal Authentication using Ear Acoustics},
booktitle = {APSIPA 2016},
year={2016},
volume={},
number={},
pages={1--4}
}

@article{nail_auth,
author = {Barros Barbosa, Igor and Theoharis, Theoharis and Abdallah, Ali},
year = {2016},
month = {01},
pages = {},
title = {On the use of fingernail images as transient biometric identifiers},
volume = {27},
journal = {Machine Vision and Applications}
}

@inproceedings{skull_auth,
author = {Schneegass, Stefan and Oualil, Youssef and Bulling, Andreas},
title = {SkullConduct: Biometric User Identification on Eyewear Computers Using Bone Conduction Through the Skull},
year = {2016},
booktitle = {Proceedings of the 2016 CHI Conference on Human Factors in Computing Systems},
pages = {1379–1384},
numpages = {6}
}

@INPROCEEDINGS{speech_auth,
author={H. {Dai} and W. {Wang} and A. X. {Liu} and K. {Ling} and J. {Sun}},
booktitle={2019 16th Annual IEEE International Conference on Sensing, Communication, and Networking (SECON)},
title={Speech Based Human Authentication on Smartphones},
year={2019},
volume={},
number={},
pages={1-9}
}

@INPROCEEDINGS{voice_auth_GMM,
author={M. {Jian} and L. {Yongmei}},
booktitle={2015 10th International Conference on Computer Science   Education (ICCSE)},
title={An embedded voiceprint recognition system based on GMM},
year={2015},
volume={},
number={},
pages={38-41}
}

@INPROCEEDINGS{voice_auth_DNN,
author={J. {Zhang}},
booktitle={2020 International Conference on Computer Engineering and Application (ICCEA)},   title={The Algorithm of Voiceprint Recognition Model based DNN-RELIANCE},
year={2020},
volume={},
number={},
pages={250-253}
}

@INPROCEEDINGS{driver_handgrip_1,
author={Chen, Ronghua and She, Mary and Wang, Jin and Sun, Xiangping and Kong, Lingxue},
booktitle={2011 IEEE International Conference on Systems, Man, and Cybernetics},
title={Driver verification based on handgrip recognition on steering wheel},
year={2011},
volume={},
number={},
pages={1645-1651}
}

@INPROCEEDINGS{driver_handgrip_2,
author={R. {Chen} and M. F. {She} and X. {Sun} and L. {Kong} and Y. {Wu}},
booktitle={2011 12th ACIS International Conference on Software Engineering, Artificial Intelligence, Networking and Parallel/Distributed Computing},
title={Driver Recognition Based on Dynamic Handgrip Pattern on Steeling Wheel},
year={2011},
volume={},
number={},
pages={107-112}
}

@inproceedings{murao_grip,
author = {Murao, Kazuya and Tobise, Hayami and Terada, Tsutomu and Iso, Toshiki and Tsukamoto, Masahiko and Horikoshi, Tsutomu},
title = {Mobile Phone User Authentication with Grip Gestures Using Pressure Sensors},
year = {2014},
booktitle = {Proceedings of the 12th International Conference on Advances in Mobile Computing and Multimedia},
pages = {143–146},
numpages = {4}
}

@INPROCEEDINGS{mobile_grip,
author={T. {Iso} and T. {Horikoshi}},
booktitle={2013 5th IEEE International Workshop on Computational Advances in Multi-Sensor Adaptive Processing (CAMSAP)},
title={Statistical approaches for personal feature extraction from pressure array sensors},
year={2013},
volume={},
number={},
pages={129-132}
}

@article{head_shape_variations,
title = {Head-and-face shape variations of U.S. civilian workers},
journal = {Applied Ergonomics},
volume = {44},
number = {5},
pages = {775-784},
year = {2013},
author = {Ziqing Zhuang and Chang Shu and Pengcheng Xi and Michael Bergman and Michael Joseph}
}

@INPROCEEDINGS{finger_geometric,
author={K. K. M. {Shreyas} and S. {Rajeev} and K. {Panetta} and S. S. {Agaian}},
booktitle={2017 IEEE International Symposium on Technologies for Homeland Security (HST)},
title={Fingerprint authentication using geometric features},
year={2017},
volume={},
number={},
pages={1-7}
}