@article{fatigue_detection,
  title   = {スマートウォッチを用いた疲労度検出の試行に関する研究},
  author  = {今井 龍一 and 神谷 大介 and 井上 晴可 and 田中 成典 and 櫻井 淳},
  journal = {日本知能情報ファジィ学会 ファジィ システム シンポジウム 講演論文集},
  volume  = {34},
  number  = { },
  pages   = {407-408},
  year    = {2018},
  doi     = {10.14864/fss.34.0_407}
}

@article{arrhythmia_detection,
  author    = {Han, Dong
and Bashar, Syed Khairul
and Mohagheghian, Fahimeh
and Ding, Eric
and Whitcomb, Cody
and McManus, David D.
and Chon, Ki H.},
  title     = {Premature Atrial and Ventricular Contraction Detection using Photoplethysmographic Data from a Smartwatch},
  journal   = {Sensors (Basel, Switzerland)},
  year      = {2020},
  month     = {Oct},
  day       = {05},
  publisher = {MDPI},
  volume    = {20},
  number    = {19},
  pages     = {5683},
  issn      = {1424-8220},
  doi       = {10.3390/s20195683},
  url       = {https://pubmed.ncbi.nlm.nih.gov/33028000},
  url       = {https://doi.org/10.3390/s20195683},
  language  = {eng}
}

@inproceedings{accuracy_in_low_intensity,
  author    = {S. {Spinsante} and S. {Porfiri} and L. {Scalise}},
  booktitle = {2019 IEEE International Symposium on Medical Measurements and Applications (MeMeA)},
  title     = {Accuracy of Heart Rate Measurements by a Smartwatch in Low Intensity Activities},
  year      = {2019},
  volume    = {},
  number    = {},
  pages     = {1-6},
  doi       = {10.1109/MeMeA.2019.8802216}
}

@inproceedings{localization_vahdatpour,
  author    = {A. {Vahdatpour} and N. {Amini} and M. {Sarrafzadeh}},
  booktitle = {2011 IEEE International Conference on Pervasive Computing and Communications (PerCom)},
  title     = {On-body device localization for health and medical monitoring applications},
  year      = {2011},
  volume    = {},
  number    = {},
  pages     = {37-44},
  doi       = {10.1109/PERCOM.2011.5767593}
}

@inproceedings{localization_yoshida,
  author    = {Yoshida, Kazuki and Murao, Kazuya},
  title     = {Estimating Load Positions of Wearable Devices Based on Difference in Pulse Wave Arrival Time},
  year      = {2019},
  isbn      = {9781450368704},
  publisher = {Association for Computing Machinery},
  address   = {New York, NY, USA},
  url       = {https://doi.org/10.1145/3341163.3347743},
  doi       = {10.1145/3341163.3347743},
  booktitle = {Proceedings of the 23rd International Symposium on Wearable Computers},
  pages     = {234–243},
  numpages  = {10},
  keywords  = {electrocardiogram (ECG), heartbeat, wearable sensor, load position estimation, pulse wave, wearable device, pulse wave velocity (PWV)},
  location  = {London, United Kingdom},
  series    = {ISWC '19}
}