@article{deepconv,
author = {Francisco Javier Ordóñez and Daniel Roggen},
title = {Deep, Convolutional and LSTM Recurrent Neural Networks for Multimodal Wearable Activity Recognition},
journal = {MDPI Sensors},
volume = {16},
issue = {1},
year = {2016}
}