@inproceedings{
face,
author={当麻凌平 and 花泉 弘},
title={ステレオカメラを用いた顔認証システム},
booktitle={第80回全国大会講演論文集},
year={2018},
volume={2018},
number={1},
pages={453--454}
}

@article{
door,
title={掌紋認証を装備したインテリジェントドアノブシステムの開発},
author={佐藤公則 and 篠原耕成 and 鹿嶋雅之 and 渡邊 睦},
journal={画像電子学会誌},
volume={40},
number={5},
pages={778--784},
year={2011},
doi={10.11371/iieej.40.778}
}

@article{
acceleration,
title={加速度センサとジャイロセンサを併用したスマホ回しによる認証手法の提案},
author={成ケ澤遼太郎 and 小倉加奈代 and 児玉英一郎 and 王 家宏 and 高田豊雄},
journal={平成28年度電気関係学会東北支部連合大会講演論文集},
volume={2016},
pages={162--162},
year={2016},
doi={10.11528/tsjc.2016.0_162}
}

@article{
iris_eye,
author={白川功浩 and 吉浦 裕 and 市野将嗣},
title={虹彩および目の周辺の分割画像を用いた個人認証},
journal={情報処理学会論文誌},
year={2018},
volume={59},
number={9},
pages={1726--1738}
}

@inproceedings{
mouth_pattern,
author={岸里正樹 and 高井昌彰},
title={M-031 口唇領域の動きの画像認識を用いたスマートデバイス向けパターンロックシステム},
booktitle={第14回情報科学技術フォーラム(FIT2015)講演論文集},
year={2015},
volume={14},
number={4},
pages={363--364}
}

@article{
finger_print,
author={越前 功 and 大金建夫},
title={写真からの指紋復元の脅威とその対策技術},
journal={情報処理},
year={2017},
volume={58},
number={9},
pages={824--829}
}

@techreport{
glasses,
author={田中洸平 and 寺田 努 and 宇山彩香 and 杉野哲造 and 塚本昌彦},
title={メガネ型デバイスを用いた経皮水分蒸散量の常時測定システム},
booktitle={情報処理学会研究報告ユビキタスコンピューティングシステム（UBI）},
year={2018},
number={35},
pages={1--7}
}

@techreport{
happymouth,
author={石井綾郁 and 小松孝徳 and 橋本 直},
title={HappyMouth:マスク型デバイスによる対面コミュニケーション能力の拡張},
booktitle={情報処理学会研究報告ヒューマンコンピュータインタラクション（HCI）},
year={2018},
number={7},
pages={1--7}
}

@article{
cap_sensor,
author={新島有信 and 伊勢崎隆司 and 青木良輔 and 渡部智樹 and 山田智広},
title={導電性高分子電極を用いた帽子型筋電センサの提案},
journal={電子情報通信学会論文誌D},
volume={J101-D},
number={10},
pages={1378--1387},
year={2018}
}

@techreport{
ear,
author={雨坂宇宙 and 渡邉拓貴 and 杉本雅則},
title={外耳道伝達関数を用いた頭部状態認識手法},
booktitle={研究報告ユビキタスコンピューティングシステム（UBI）},
year={2019},
number={7},
pages={1--8}
}

@techreport{
mouth,
author={山下将平 and 寺田 努 and 塚本昌彦},
title={口周辺の形状変化による状況認識手法},
booktitle={情報処理学会研究報告コンシューマ・デバイス＆システム（CDS）},
year={2017},
number={21},
pages={1--6}
}

@article{
fast_mcd,
author = {Peter J. Rousseeuw and Katrien Van Driessen},
title = {A Fast Algorithm for the Minimum Covariance Determinant Estimator},
journal = {Technometrics},
volume = {41},
number = {3},
pages = {212--223},
year  = {1999},
publisher = {Taylor & Francis},
doi = {10.1080/00401706.1999.10485670},
URL = {https://amstat.tandfonline.com/doi/abs/10.1080/00401706.1999.10485670},
eprint = {https://amstat.tandfonline.com/doi/pdf/10.1080/00401706.1999.10485670}
}

@inproceedings{
face_auth,
author={Qian Tao and Raymond N.J. Veldhuis},
title={Biometric authentication for a mobile personal device},
booktitle={Annual International Conference on Mobile and Ubiquitous Systems: Networking \& Services Workshops},
pages={1--3},
year={2006}
}

@article{
disaster,
author={中尾拓磨 and 伊藤 敦 and 鍵山憲幸 and 森下 久},
title={防災用ヘルメットアンテナに関する検討 (アンテナ・伝播)},
journal={電子情報通信学会技術研究報告 : 信学技報},
ISSN={0913--5685},
publisher={一般社団法人電子情報通信学会},
year={2013},
month={jan},
volume={112},
number={384},
pages={69--74},
URL={https://ci.nii.ac.jp/naid/110009733817/}
}

@article{
helmet,
title = "Bicycle helmet efficacy: a meta-analysis",
journal = "Accident Analysis & Prevention",
volume = "33",
number = "3",
pages = "345 - 352",
year = "2001",
issn = "0001-4575",
doi = "https://doi.org/10.1016/S0001-4575(00)00048-8",
url = "http://www.sciencedirect.com/science/article/pii/S0001457500000488",
author = "R.G. Attewell and K. Glase and M. McFadden",
keywords = "Bicycle helmet, Efficacy, Meta-analysis",
abstract = "Bicycle helmet efficacy was quantified using a formal meta-analytic approach based on peer-reviewed studies. Only those studies with individual injury and helmet use data were included. Based on studies from several countries published in the period 1987–1998, the summary odds ratio estimate for efficacy is 0.40 (95% confidence interval 0.29, 0.55) for head injury, 0.42 (0.26, 0.67) for brain injury, 0.53 (0.39, 0.73) for facial injury and 0.27 (0.10, 0.71) for fatal injury. This indicates a statistically significant protective effect of helmets. Three studies provided neck injury results that were unfavourable to helmets with a summary estimate of 1.36 (1.00, 1.86), but this result may not be applicable to the lighter helmets currently in use. In conclusion, the evidence is clear that bicycle helmets prevent serious injury and even death. Despite this, the use of helmets is sub-optimal. Helmet use for all riders should be further encouraged to the extent that it is uniformly accepted and analogous to the use of seat belts by motor vehicle occupants."
}
