@article{fatigue_detection,
  title   = {スマートウォッチを用いた疲労度検出の試行に関する研究},
  author  = {今井ら},
  journal = {日本知能情報ファジィ学会 ファジィ システム シンポジウム 講演論文集},
  volume  = {34},
  number  = { },
  pages   = {407-408},
  year    = {2018},
  doi     = {10.14864/fss.34.0_407}
}

@article{arrhythmia_detection,
  author    = {Han et al.},
  title     = {Premature Atrial and Ventricular Contraction Detection using Photoplethysmographic Data from a Smartwatch},
  journal   = {Sensors (Basel, Switzerland)},
  year      = {2020},
  month     = {Oct},
  day       = {05},
  publisher = {MDPI},
  volume    = {20},
  number    = {19},
  pages     = {5683},
  issn      = {1424-8220},
  doi       = {10.3390/s20195683},
  url       = {https://pubmed.ncbi.nlm.nih.gov/33028000},
  url       = {https://doi.org/10.3390/s20195683},
  language  = {eng}
}

@inproceedings{accuracy_in_low_intensity,
  author    = {S. {Spinsante} et al.},
  booktitle = {MeMeA2019},
  title     = {Accuracy of Heart Rate Measurements by a Smartwatch in Low Intensity Activities},
  year      = {2019},
  volume    = {},
  number    = {},
  pages     = {1-6},
  doi       = {10.1109/MeMeA.2019.8802216}
}