@article{fatigue_detection,
  title   = {スマートウォッチを用いた疲労度検出の試行に関する研究},
  author  = {今井 龍一 and 神谷 大介 and 井上 晴可 and 田中 成典 and 櫻井 淳},
  journal = {日本知能情報ファジィ学会 ファジィ システム シンポジウム 講演論文集},
  volume  = {34},
  number  = {},
  pages   = {407-408},
  year    = {2018}
}

@article{arrhythmia_detection,
  author  = {Han, Dong
and Bashar, Syed Khairul
and Mohagheghian, Fahimeh
and Ding, Eric
and Whitcomb, Cody
and McManus, David D.
and Chon, Ki H.},
  title   = {Premature Atrial and Ventricular Contraction Detection using Photoplethysmographic Data from a Smartwatch},
  journal = {Sensors (Basel, Switzerland)},
  year    = {2020},
  volume  = {20},
  number  = {19},
  pages   = {5683}
}

@inproceedings{accuracy_in_low_intensity,
  author    = {S. {Spinsante} and S. {Porfiri} and L. {Scalise}},
  booktitle = {2019 IEEE International Symposium on Medical Measurements and Applications (MeMeA)},
  title     = {Accuracy of Heart Rate Measurements by a Smartwatch in Low Intensity Activities},
  year      = {2019},
  volume    = {},
  number    = {},
  pages     = {1-6}
}

@inproceedings{localization_vahdatpour,
  author    = {A. {Vahdatpour} and N. {Amini} and M. {Sarrafzadeh}},
  booktitle = {2011 IEEE International Conference on Pervasive Computing and Communications (PerCom)},
  title     = {On-body device localization for health and medical monitoring applications},
  year      = {2011},
  volume    = {},
  number    = {},
  pages     = {37-44}
}

@article{localization_sztyler,
  title   = {Position-aware activity recognition with wearable devices},
  journal = {Pervasive and Mobile Computing},
  volume  = {38},
  pages   = {281 - 295},
  year    = {2017},
  author  = {Timo Sztyler and Heiner Stuckenschmidt and Wolfgang Petrich}
}

@inproceedings{localization_kunze,
  author    = {Kunze, Kai
and Lukowicz, Paul
and Junker, Holger
and Tr{\"o}ster, Gerhard},
  title     = {Where am I: Recognizing On-body Positions of Wearable Sensors},
  booktitle = {Location- and Context-Awareness},
  year      = {2005},
  pages     = {264--275}
}

@inproceedings{localization_yoshida,
  author    = {Yoshida, Kazuki and Murao, Kazuya},
  title     = {Estimating Load Positions of Wearable Devices Based on Difference in Pulse Wave Arrival Time},
  year      = {2019},
  booktitle = {Proceedings of the 23rd International Symposium on Wearable Computers (ISWC)},
  pages     = {234–243}
}

@inproceedings{smart_wristband,
  author    = {Ham, Jooyeun and Hong, Jonggi and Jang, Youngkyoon and Ko, Seung Hwan and Woo, Woontack},
  title     = {Smart Wristband: Touch-and-Motion--Tracking Wearable 3D Input Device for Smart Glasses},
  booktitle = {Distributed, Ambient, and Pervasive Interactions},
  year      = {2014},
  pages     = {109--118}
}

@inproceedings{bioglass,
  author    = {J. {Hernandez} and Y. {Li} and J. M. {Rehg} and R. W. {Picard}},
  booktitle = {2014 4th International Conference on Wireless Mobile Communication and Healthcare - Transforming Healthcare Through Innovations in Mobile and Wireless Technologies (MOBIHEALTH)},
  title     = {BioGlass: Physiological parameter estimation using a head-mounted wearable device},
  year      = {2014},
  volume    = {},
  number    = {},
  pages     = {55--58}
}

@inproceedings{smart_cap,
  author    = {A. {Nishajith} and J. {Nivedha} and S. S. {Nair} and J. {Mohammed Shaffi}},
  booktitle = {2018 International Conference on Inventive Research in Computing Applications (ICIRCA)},
  title     = {Smart Cap - Wearable Visual Guidance System for Blind},
  year      = {2018},
  volume    = {},
  number    = {},
  pages     = {275--278}
}

@article{heart_rate_average,
author = {Ismail, Abdallah},
year = {2018},
month = {03},
pages = {},
title = {What should my heart rate be?}
}

@Article{emotion_recognition_poincare,
author={Goshvarpour, Atefeh and Abbasi, Ataollah and Goshvarpour, Ateke},
title={Fusion of heart rate variability and pulse rate variability for emotion recognition using lagged poincare plots},
journal={Australasian Physical {\&} Engineering Sciences in Medicine},
year={2017},
month={Sep},
day={01},
volume={40},
number={3},
pages={617-629}
}

@Article{pulse_order_picking,
AUTHOR = {Kajiwara, Yusuke and Shimauchi, Toshihiko and Kimura, Haruhiko},
TITLE = {Predicting Emotion and Engagement of Workers in Order Picking Based on Behavior and Pulse Waves Acquired by Wearable Devices},
JOURNAL = {Sensors},
VOLUME = {19},
YEAR = {2019},
NUMBER = {1},
ARTICLE-NUMBER = {165}
}

@Article{fast_emotion_recognition,
AUTHOR = {Lee, Min Seop and Lee, Yun Kyu and Pae, Dong Sung and Lim, Myo Taeg and Kim, Dong Won and Kang, Tae Koo},
TITLE = {Fast Emotion Recognition Based on Single Pulse PPG Signal with Convolutional Neural Network},
JOURNAL = {Applied Sciences},
VOLUME = {9},
YEAR = {2019},
NUMBER = {16},
ARTICLE-NUMBER = {3355}
}

@INPROCEEDINGS{eating_recognition,
author={Sen, Sougata and Subbaraju, Vigneshwaran and Misra, Archan and Balan, Rajesh Krishna and Lee, Youngki},
booktitle={2015 IEEE International Conference on Pervasive Computing and Communication Workshops (PerCom Workshops)},
title={The case for smartwatch-based diet monitoring},
year={2015},
volume={},
number={},
pages={585-590}
}

@INPROCEEDINGS{smartwatch_walk_authentication,
author={Johnston, Andrew H. and Weiss, Gary M.},
booktitle={2015 IEEE 7th International Conference on Biometrics Theory, Applications and Systems (BTAS)},
title={Smartwatch-based biometric gait recognition},
year={2015},
volume={},
number={},
pages={1-6}
}

@inproceedings{oh_detection,
author = {Iakovakis, Dimitrios and Hadjileontiadis, Leontios},
title = {Standing Hypotension Prediction Based on Smartwatch Heart Rate Variability Data: A Novel Approach},
year = {2016},
booktitle = {Proceedings of the 18th International Conference on Human-Computer Interaction with Mobile Devices and Services Adjunct},
pages = {1109–1112}
}

@INPROCEEDINGS{smartwatch_activity_recognition,
author={Weiss, Gary M. and Timko, Jessica L. and Gallagher, Catherine M. and Yoneda, Kenichi and Schreiber, Andrew J.},
booktitle={2016 IEEE-EMBS International Conference on Biomedical and Health Informatics (BHI)},
title={Smartwatch-based activity recognition: A machine learning approach},
year={2016},
volume={},
number={},
pages={426-429}
}

@Article{smartfall,
AUTHOR = {Mauldin, Taylor R. and Canby, Marc E. and Metsis, Vangelis and Ngu, Anne H. H. and Rivera, Coralys Cubero},
TITLE = {SmartFall: A Smartwatch-Based Fall Detection System Using Deep Learning},
JOURNAL = {Sensors},
VOLUME = {18},
YEAR = {2018},
NUMBER = {10},
ARTICLE-NUMBER = {3363}
}

@INPROCEEDINGS{smartwatch_stress_detection,
author={Ciabattoni, Lucio and Ferracuti, Francesco and Longhi, Sauro and Pepa, Lucia and Romeo, Luca and Verdini, Federica},
booktitle={2017 IEEE International Conference on Consumer Electronics (ICCE)},
title={Real-time mental stress detection based on smartwatch},
year={2017},
volume={},
number={},
pages={110-111}
}

@INPROCEEDINGS{respiratory_rate_estimation,
author={Havriushenko, Anastasiia and Slyusarenko, Kostyantyn and Fedorin, Illia},
booktitle={2020 IEEE 40th International Conference on Electronics and Nanotechnology (ELNANO)},
title={Smartwatch based respiratory rate estimation during sleep using CNN/LSTM neural network},
year={2020},
volume={},
number={},
pages={584-587}
}
