@article{fatigue_detection,
  title   = {スマートウォッチを用いた疲労度検出の試行に関する研究},
  author  = {今井 龍一 and 神谷 大介 and 井上 晴可 and 田中 成典 and 櫻井 淳},
  journal = {日本知能情報ファジィ学会 ファジィ システム シンポジウム 講演論文集},
  volume  = {34},
  number  = {},
  pages   = {407-408},
  year    = {2018}
}

@article{arrhythmia_detection,
  author  = {Han, Dong
and Bashar, Syed Khairul
and Mohagheghian, Fahimeh
and Ding, Eric
and Whitcomb, Cody
and McManus, David D.
and Chon, Ki H.},
  title   = {Premature Atrial and Ventricular Contraction Detection using Photoplethysmographic Data from a Smartwatch},
  journal = {Sensors},
  year    = {2020},
  volume  = {20},
  number  = {19},
  pages   = {5683}
}

@inproceedings{accuracy_in_low_intensity,
  author    = {S. {Spinsante} and S. {Porfiri} and L. {Scalise}},
  booktitle = {2019 IEEE International Symposium on Medical Measurements and Applications (MeMeA)},
  title     = {Accuracy of Heart Rate Measurements by a Smartwatch in Low Intensity Activities},
  year      = {2019},
  volume    = {},
  number    = {},
  pages     = {1-6}
}

@inproceedings{localization_vahdatpour,
  author    = {A. {Vahdatpour} and N. {Amini} and M. {Sarrafzadeh}},
  booktitle = {2011 IEEE International Conference on Pervasive Computing and Communications (PerCom)},
  title     = {On-body device localization for health and medical monitoring applications},
  year      = {2011},
  volume    = {},
  number    = {},
  pages     = {37-44}
}

@article{localization_sztyler,
  title   = {Position-aware activity recognition with wearable devices},
  journal = {Pervasive and Mobile Computing},
  volume  = {38},
  pages   = {281 - 295},
  year    = {2017},
  author  = {Timo Sztyler and Heiner Stuckenschmidt and Wolfgang Petrich}
}

@inproceedings{localization_kunze,
  author    = {Kunze, Kai
and Lukowicz, Paul
and Junker, Holger
and Tr{\"o}ster, Gerhard},
  title     = {Where am I: Recognizing On-body Positions of Wearable Sensors},
  booktitle = {Location- and Context-Awareness},
  year      = {2005},
  pages     = {264--275}
}

@inproceedings{localization_yoshida,
  author    = {Yoshida, Kazuki and Murao, Kazuya},
  title     = {Estimating Load Positions of Wearable Devices Based on Difference in Pulse Wave Arrival Time},
  year      = {2019},
  booktitle = {Proceedings of the 23rd International Symposium on Wearable Computers (ISWC)},
  pages     = {234–243}
}

@inproceedings{smart_wristband,
  author    = {Ham, Jooyeun and Hong, Jonggi and Jang, Youngkyoon and Ko, Seung Hwan and Woo, Woontack},
  title     = {Smart Wristband: Touch-and-Motion--Tracking Wearable 3D Input Device for Smart Glasses},
  booktitle = {Distributed, Ambient, and Pervasive Interactions},
  year      = {2014},
  pages     = {109--118}
}

@inproceedings{bioglass,
  author    = {J. {Hernandez} and Y. {Li} and J. M. {Rehg} and R. W. {Picard}},
  booktitle = {2014 4th International Conference on Wireless Mobile Communication and Healthcare - Transforming Healthcare Through Innovations in Mobile and Wireless Technologies (MOBIHEALTH)},
  title     = {BioGlass: Physiological parameter estimation using a head-mounted wearable device},
  year      = {2014},
  volume    = {},
  number    = {},
  pages     = {55--58}
}

@inproceedings{smart_cap,
  author    = {A. {Nishajith} and J. {Nivedha} and S. S. {Nair} and J. {Mohammed Shaffi}},
  booktitle = {2018 International Conference on Inventive Research in Computing Applications (ICIRCA)},
  title     = {Smart Cap - Wearable Visual Guidance System for Blind},
  year      = {2018},
  volume    = {},
  number    = {},
  pages     = {275--278}
}

@Article{emotion_recognition1,
author={Goshvarpour, Atefeh and Abbasi, Ataollah and Goshvarpour, Ateke},
title={Fusion of heart rate variability and pulse rate variability for emotion recognition using lagged poincare plots},
journal={Australasian Physical {\&} Engineering Sciences in Medicine},
year={2017},
volume={40},
number={3},
pages={617-629}
}

@Article{emotion_recognition2,
AUTHOR = {Kajiwara, Yusuke and Shimauchi, Toshihiko and Kimura, Haruhiko},
TITLE = {Predicting Emotion and Engagement of Workers in Order Picking Based on Behavior and Pulse Waves Acquired by Wearable Devices},
JOURNAL = {Sensors},
VOLUME = {19},
YEAR = {2019},
NUMBER = {1},
ARTICLE-NUMBER = {165}
}

@Article{emotion_recognition3,
AUTHOR = {Lee, Min Seop and Lee, Yun Kyu and Pae, Dong Sung and Lim, Myo Taeg and Kim, Dong Won and Kang, Tae Koo},
TITLE = {Fast Emotion Recognition Based on Single Pulse PPG Signal with Convolutional Neural Network},
JOURNAL = {Applied Sciences},
VOLUME = {9},
YEAR = {2019},
NUMBER = {16},
ARTICLE-NUMBER = {3355}
}

@inproceedings{emotion_recognition4,
author = {Udovi\v{c}i\'{c}, Goran and \DH{}erek, Jurica and Russo, Mladen and Sikora, Marjan},
title = {Wearable Emotion Recognition System Based on GSR and PPG Signals},
year = {2017},
booktitle = {Proceedings of the 2nd International Workshop on Multimedia for Personal Health and Health Care},
pages = {53–59},
numpages = {7},
series = {MMHealth '17}
}

@INPROCEEDINGS{emotion_recognition5,
author={Tong, Zhongkai and Chen, XianXiang and He, Zhengling and Tong, Kai and Fang, Zhen and Wang, Xianlong},
booktitle={2018 IEEE 42nd Annual Computer Software and Applications Conference (COMPSAC)},
title={Emotion Recognition Based on Photoplethysmogram and Electroencephalogram},
year={2018},
volume={02},
number={},
pages={402-407}
}

@conference{emotion_recognition6,
author={Min Lee. and Ye Cho. and Yun Lee. and Dong Pae. and Myo Lim. and Tae Kang.},
title={PPG and EMG Based Emotion Recognition using Convolutional Neural Network},
booktitle={Proceedings of the 16th International Conference on Informatics in Control, Automation and Robotics - Volume 1: ICINCO,},
year={2019},
pages={595-600},
organization={INSTICC}
}

@Article{emotion_recognition7,
author={Ayata, De{\u{g}}er
and Yaslan, Yusuf
and Kamasak, Mustafa E.},
title={Emotion Recognition from Multimodal Physiological Signals for Emotion Aware Healthcare Systems},
journal={Journal of Medical and Biological Engineering},
year={2020},
month={Apr},
day={01},
volume={40},
number={2},
pages={149-157}
}

@INPROCEEDINGS{eating_recognition,
author={Sen, Sougata and Subbaraju, Vigneshwaran and Misra, Archan and Balan, Rajesh Krishna and Lee, Youngki},
booktitle={2015 IEEE International Conference on Pervasive Computing and Communication Workshops (PerCom Workshops)},
title={The case for smartwatch-based diet monitoring},
year={2015},
volume={},
number={},
pages={585-590}
}

@INPROCEEDINGS{smartwatch_walk_authentication,
author={Johnston, Andrew H. and Weiss, Gary M.},
booktitle={Proceedings of 2015 IEEE 7th International Conference on Biometrics Theory, Applications and Systems (BTAS)},
title={Smartwatch-based biometric gait recognition},
year={2015},
volume={},
number={},
pages={1-6}
}

@inproceedings{oh_detection,
author = {Iakovakis, Dimitrios and Hadjileontiadis, Leontios},
title = {Standing Hypotension Prediction Based on Smartwatch Heart Rate Variability Data: A Novel Approach},
year = {2016},
booktitle = {Proceedings of the 18th International Conference on Human-Computer Interaction with Mobile Devices and Services Adjunct},
pages = {1109–1112}
}

@INPROCEEDINGS{smartwatch_activity_recognition,
author={Weiss, Gary M. and Timko, Jessica L. and Gallagher, Catherine M. and Yoneda, Kenichi and Schreiber, Andrew J.},
booktitle={2016 IEEE-EMBS International Conference on Biomedical and Health Informatics (BHI)},
title={Smartwatch-based activity recognition: A machine learning approach},
year={2016},
volume={},
number={},
pages={426-429}
}

@Article{smartfall,
AUTHOR = {Mauldin, Taylor R. and Canby, Marc E. and Metsis, Vangelis and Ngu, Anne H. H. and Rivera, Coralys Cubero},
TITLE = {SmartFall: A Smartwatch-Based Fall Detection System Using Deep Learning},
JOURNAL = {Sensors},
VOLUME = {18},
YEAR = {2018},
NUMBER = {10},
ARTICLE-NUMBER = {3363}
}

@INPROCEEDINGS{smartwatch_stress_detection,
author={Ciabattoni, Lucio and Ferracuti, Francesco and Longhi, Sauro and Pepa, Lucia and Romeo, Luca and Verdini, Federica},
booktitle={2017 IEEE International Conference on Consumer Electronics (ICCE)},
title={Real-time mental stress detection based on smartwatch},
year={2017},
volume={},
number={},
pages={110-111}
}

@INPROCEEDINGS{respiratory_rate_estimation1,
author={Havriushenko, Anastasiia and Slyusarenko, Kostyantyn and Fedorin, Illia},
booktitle={Proceedings of IEEE 40th International Conference on Electronics and Nanotechnology (ELNANO 2020)},
title={Smartwatch based respiratory rate estimation during sleep using CNN/LSTM neural network},
year={2020},
volume={},
number={},
pages={584-587}
}

@Article{respiratory_rate_estimation2,
AUTHOR = {Jarchi, Delaram and Salvi, Dario and Tarassenko, Lionel and Clifton, David A.},
TITLE = {Validation of Instantaneous Respiratory Rate Using Reflectance PPG from Different Body Positions},
JOURNAL = {Sensors},
VOLUME = {18},
YEAR = {2018},
NUMBER = {11},
ARTICLE-NUMBER = {3705}
}

@article{ppg_generator,
author = {Michael Paul and Ana Filipa Mota and Christoph Hoog Antink and Vladimir Blazek and Steffen Leonhardt},
journal = {Biomed. Opt. Express},
number = {9},
pages = {4353--4368},
title = {Modeling photoplethysmographic signals in camera-based perfusion measurements: optoelectronic skin phantom},
volume = {},
month = {},
year = {2019}
}

@INPROCEEDINGS{Biowatch,
author={Hernandez, Javier and McDuff, Daniel and Picard, Rosalind W.},
booktitle={Proceedings of 9th International Conference on Pervasive Computing Technologies for Healthcare (PervasiveHealth 2015)},
title={Biowatch: Estimation of heart and breathing rates from wrist motions},
year={2015},
volume={},
number={},
pages={169-176}
}

@inproceedings{heart_rate_accelerometer,
author = {Bieber, Gerald and Haescher, Marian and Vahl, Matthias},
title = {Sensor Requirements for Activity Recognition on Smart Watches},
year = {2013},
booktitle = {Proceedings of the 6th International Conference on PErvasive Technologies Related to Assistive Environments},
articleno = {67},
numpages = {6},
series = {PETRA '13}
}

@inproceedings{SeismoTracker,
author = {Haescher, Marian and Matthies, Denys J.C. and Trimpop, John and Urban, Bodo},
title = {SeismoTracker: Upgrade Any Smart Wearable to Enable a Sensing of Heart Rate, Respiration Rate, and Microvibrations},
year = {2016},
booktitle = {Proceedings of the 2016 CHI Conference Extended Abstracts on Human Factors in Computing Systems},
pages = {2209–2216},
numpages = {8},
series = {CHI EA '16}
}

@inproceedings{heart_rate_ecg,
author = {C.Dela Cruz, Jennifer and Ibera, Jonathan and M. Alcoy, Joshua and Erick R. Tulio, Cyril},
title = {Deriving Heart Rate and Respiratory Rate from ECG Using Wavelet Transform},
year = {2021},
booktitle = {2021 11th International Conference on Biomedical Engineering and Technology},
pages = {100–105},
numpages = {6},
series = {ICBET '21}
}

@article{flexible_display,
title = {Improving the color switch contrast in PEDOT:PSS-based electrochromic displays},
journal = {Organic Electronics},
volume = {13},
number = {3},
pages = {469-474},
year = {2012},
author = {Jun Kawahara and Peter Andersson Ersman and Isak Engquist and Magnus Berggren},
}

@inbook{semg_okamoto,
author = {Okamoto, Masahiro and Murao, Kazuya},
title = {Estimating Upper Arm SEMG from Wrist PPG},
year = {2021},
booktitle = {2021 International Symposium on Wearable Computers},
pages = {147–149},
numpages = {3}
}

@inbook{MoCapaci,
author = {Bello, Hymalai and Zhou, Bo and Suh, Sungho and Lukowicz, Paul},
title = {MoCapaci: Posture and Gesture Detection in Loose Garments Using Textile Cables as Capacitive Antennas},
year = {2021},
booktitle = {2021 International Symposium on Wearable Computers},
pages = {78–83},
numpages = {6}
}

@inproceedings{Brainwear,
author = {Vargas, Juan Felipe and Zhou, Bo and Bello, Hymalai and Lukowicz, Paul},
title = {Brainwear: Towards Multi-Modal Garment Integrated EEG},
year = {2021},
booktitle = {2021 International Symposium on Wearable Computers},
pages = {113–118},
numpages = {6},
series = {ISWC '21}
}

@inproceedings{earables,
author = {R\"{o}ddiger, Tobias and Dinse, Christian and Beigl, Michael},
title = {Wearability and Comfort of Earables During Sleep},
year = {2021},
booktitle = {2021 International Symposium on Wearable Computers},
pages = {150–152},
numpages = {3},
keywords = {comfort, earables, sleep, wearability, earphones, hearables},
location = {Virtual, USA},
series = {ISWC '21}
}

@inbook{MOTUS,
author = {Vekemans, Verindi and Leenders, Ward and Zhu, Sijie and Liang, Rong-Hao},
title = {MOTUS: Rendering Emotions with a Wrist-Worn Tactile Display},
year = {2021},
booktitle = {2021 International Symposium on Wearable Computers},
pages = {159–161},
numpages = {3}
}

@inproceedings{wearable_ring1,
author = {Pradana, Gilang Andi and Cheok, Adrian David and Inami, Masahiko and Tewell, Jordan and Choi, Yongsoon},
title = {Emotional Priming of Mobile Text Messages with Ring-Shaped Wearable Device Using Color Lighting and Tactile Expressions},
year = {2014},
booktitle = {Proceedings of the 5th Augmented Human International Conference},
articleno = {14},
numpages = {8},
series = {AH '14}
}

@inproceedings{wearable_ring2,
author = {Gummeson, Jeremy and Priyantha, Bodhi and Liu, Jie},
title = {An Energy Harvesting Wearable Ring Platform for Gestureinput on Surfaces},
year = {2014},
booktitle = {Proceedings of the 12th Annual International Conference on Mobile Systems, Applications, and Services},
pages = {162–175},
numpages = {14},
series = {MobiSys '14}
}

@INPROCEEDINGS{wearable_belt1,
author={Shieh, Wann-Yun and Guu, Tyng-Tyng and Liu, An-Peng},
booktitle={2013 International Conference on Computational Problem-Solving (ICCP)},
title={A portable smart belt design for home-based gait parameter collection},
year={2013},
volume={},
number={},
pages={16-19}
}

@INPROCEEDINGS{SmartBelt,
author={Hyejeong Nam and Jin-Hyun Kim and Jee-In Kim},
booktitle={2016 International Conference on Big Data and Smart Computing (BigComp)},
title={Smart Belt : A wearable device for managing abdominal obesity},
year={2016},
volume={},
number={},
pages={430-434}
}

@Article{WaistonBeltX,
AUTHOR = {Nakamura, Yugo and Matsuda, Yuki and Arakawa, Yutaka and Yasumoto, Keiichi},
TITLE = {WaistonBelt X: A Belt-Type Wearable Device with Sensing and Intervention Toward Health Behavior Change},
JOURNAL = {Sensors},
VOLUME = {19},
YEAR = {2019},
NUMBER = {20},
ARTICLE-NUMBER = {4600}
}

@Article{wearable_belt2,
AUTHOR = {Piuzzi, Emanuele and Pisa, Stefano and Pittella, Erika and Podestà, Luca and Sangiovanni, Silvia},
TITLE = {Wearable Belt With Built-In Textile Electrodes for Cardio—Respiratory Monitoring},
JOURNAL = {Sensors},
VOLUME = {20},
YEAR = {2020},
NUMBER = {16},
ARTICLE-NUMBER = {4500}
}

@inproceedings{wearable_mask1,
author = {Kumazaki, Ryoga and Inoue, Akifumi},
title = {Development and Evaluation of a Mask-Type Display Transforming the Wearer's Impression},
year = {2019},
booktitle = {Proceedings of the 31st Australian Conference on Human-Computer-Interaction},
pages = {568–571},
numpages = {4},
series = {OZCHI'19}
}

@inproceedings{wearable_mask2,
author = {Gen\c{c}, \c{C}a\u{g}lar and Colley, Ashley and L\"{o}chtefeld, Markus and H\"{a}kkil\"{a}, Jonna},
title = {Face Mask Design to Mitigate Facial Expression Occlusion},
year = {2020},
booktitle = {Proceedings of the 2020 International Symposium on Wearable Computers},
pages = {40–44},
numpages = {5},
series = {ISWC '20}
}

@inproceedings{SilentMask,
author = {Hiraki, Hirotaka and Rekimoto, Jun},
title = {SilentMask: Mask-Type Silent Speech Interface with Measurement of Mouth Movement},
year = {2021},
booktitle = {Augmented Humans Conference 2021},
pages = {86–90},
numpages = {5},
series = {AHs'21}
}

@inbook{Masquare,
author = {Fischer, Hannah Friederike and Wittmann, Daniela and Baucells Costa, Alejandro and Zhou, Bo and Joost, Gesche and Lukowicz, Paul},
title = {Masquare: A Functional Smart Mask Design for Health Monitoring},
year = {2021},
booktitle = {2021 International Symposium on Wearable Computers},
pages = {175–178},
numpages = {4}
}

@article{SleepMonitor,
author = {Sun, Xiao and Qiu, Li and Wu, Yibo and Tang, Yeming and Cao, Guohong},
title = {SleepMonitor: Monitoring Respiratory Rate and Body Position During Sleep Using Smartwatch},
year = {2017},
volume = {1},
number = {3},
journal = {Proc. ACM Interact. Mob. Wearable Ubiquitous Technol.},
month = {sep},
articleno = {104},
numpages = {22}
}

@Article{ppg_location,
AUTHOR = {Longmore, Sally K. and Lui, Gough Y. and Naik, Ganesh and Breen, Paul P. and Jalaludin, Bin and Gargiulo, Gaetano D.},
TITLE = {A Comparison of Reflective Photoplethysmography for Detection of Heart Rate, Blood Oxygen Saturation, and Respiration Rate at Various Anatomical Locations},
JOURNAL = {Sensors},
VOLUME = {19},
YEAR = {2019},
NUMBER = {8},
ARTICLE-NUMBER = {1874}
}

@article{ppg,
	year = 2007,
	month = {feb},
	publisher = {{IOP} Publishing},
	volume = {28},
	number = {3},
	pages = {R1--R39},
	author = {John Allen},
	title = {Photoplethysmography and its application in clinical physiological measurement},
	journal = {Physiological Measurement}
}

@article{ppg_principle1,
author = {Alrick B. Hertzman},
title ={Comparative Estimation of Blood Supply of Skin Areas from Photoelectrically Recorded Volume Pulse},
journal = {Proceedings of the Society for Experimental Biology and Medicine},
volume = {38},
number = {4},
pages = {562-564},
year = {1938}
}

@article{ppg_principle2,
author = {Hertzman, Alrick B.},
title = {THE BLOOD SUPPLY OF VARIOUS SKIN AREAS AS ESTIMATED BY THE PHOTOELECTRIC PLETHYSMOGRAPH},
journal = {American Journal of Physiology-Legacy Content},
volume = {124},
number = {2},
pages = {328-340},
year = {1938}
}

@inproceedings{CoRSA,
author = {Zhou, Bo and Costa, Alejandro Baucells and Lukowicz, Paul},
title = {CoRSA: A Cardio-Respiratory Monitor in Sport Activities},
year = {2019},
booktitle = {Proceedings of the 23rd International Symposium on Wearable Computers},
pages = {254–256},
numpages = {3},
series = {ISWC '19}
}

@inproceedings{heart_rate_touchscreen,
author = {Kimbahune, Sanjay and Shinde, Sujit and Bhavsar, Karan and Ghose, Avik and Khandelwal, Sundeep and Pal, Arpan},
title = {Heart Rate Monitoring Using Capacitive Touchscreen Sensing},
year = {2021},
booktitle = {Proceedings of the Workshop on Body-Centric Computing Systems},
pages = {13–17},
numpages = {5},
series = {BodySys'21}
}

@inproceedings{TypingRing,
author = {Nirjon, Shahriar and Gummeson, Jeremy and Gelb, Dan and Kim, Kyu-Han},
title = {TypingRing: A Wearable Ring Platform for Text Input},
year = {2015},
booktitle = {Proceedings of the 13th Annual International Conference on Mobile Systems, Applications, and Services},
pages = {227–239},
numpages = {13},
series = {MobiSys '15}
}

@inbook{ElectroRing,
author = {Kienzle, Wolf and Whitmire, Eric and Rittaler, Chris and Benko, Hrvoje},
title = {ElectroRing: Subtle Pinch and Touch Detection with a Ring},
year = {2021},
booktitle = {Proceedings of the 2021 CHI Conference on Human Factors in Computing Systems},
articleno = {3},
numpages = {12}
}

@article{alcohol_detection,
author = {Wang, Wen-Fong and Yang, Ching-Yu and Wu, Yan-Fu},
title = {SVM-Based Classification Method to Identify Alcohol Consumption Using ECG and PPG Monitoring},
year = {2018},
volume = {22},
number = {2},
journal = {Personal and Ubiquitous Computing},
month = {Apr},
pages = {275–287},
numpages = {13}
}

@inproceedings{disp2ppg,
author = {Fujii, Atsuhiro and Murao, Kazuya and Matsuhisa, Naoji},
title = {Disp2ppg: Pulse Wave Generation to PPG Sensor Using Display},
year = {2021},
booktitle = {Proceedings of the 2021 ACM International Symposium on Wearable Computers},
pages = {119–123},
numpages = {5},
series = {ISWC '21}
}
