@article{
  iris_eye,
  title={虹彩および目の周辺の分割画像を用いた個人認証},
  author={白川 功浩 and 吉浦 裕 and 市野 将嗣},
  journal={情報処理学会論文誌},
  volume={59},
  number={9},
  pages={1726--1738},
  year={2018}
}

@article{
  cap_sensor,
  title={導電性高分子電極を用いた帽子型筋電センサの提案},
  author={新島 有信 and 伊勢崎 隆司 and 青木 良輔 and 渡部 智樹 and 山田 智広},
  journal={電子情報通信学会論文誌D},
  volume={J101-D},
  number={10},
  pages={1378--1387},
  year={2018}
}

@article{
  finger_print,
  title={写真からの指紋復元の脅威とその対策技術},
  author={越前 功 and 大金 建夫},
  journal={情報処理},
  volume={58},
  number={9},
  pages={824--829},
  year={2017}
}
