@conference{ex1,
    author = {Kohei, Adachi and Sayeda, Shamma Alia and Nazmun, Nahid and Haru, Kaneko and Paula, Lago and Sozo, Inoue},
    booktitle = {The 3rd International Conference on Activity and Behavior Computing},
    title = {Summary of the Bento Packaging Activity Recognition Challenge},
    year = {2021} 
}

@article{ex2,
  doi = {10.21227/cwhs-t440},
  url = {https://dx.doi.org/10.21227/cwhs-t440},
  author = {Sayeda, Shamma Alia and Kohei, Adachi and Nazmun, Nahid and Haru, Kaneko and Paula, Lago and Sozo, Inoue},
  publisher = {IEEE Dataport},
  title = {Bento Packaging Activity Recognition Challenge},
  year = {2021} 
}

@article{lara2012survey,
  title={A survey on human activity recognition using wearable sensors},
  author={Lara, Oscar D and Labrador, Miguel A},
  journal={IEEE communications surveys \& tutorials},
  volume={15},
  number={3},
  pages={1192--1209},
  year={2012},
  publisher={IEEE}
}

@article{khan2010triaxial,
  title={A triaxial accelerometer-based physical-activity recognition via augmented-signal features and a hierarchical recognizer},
  author={Khan, Adil Mehmood and Lee, Young-Koo and Lee, Sungyoung Y and Kim, Tae-Seong},
  journal={IEEE transactions on information technology in biomedicine},
  volume={14},
  number={5},
  pages={1166--1172},
  year={2010},
  publisher={IEEE}
}

@article{bayat2014study,
  title={A study on human activity recognition using accelerometer data from smartphones},
  author={Bayat, Akram and Pomplun, Marc and Tran, Duc A},
  journal={Procedia Computer Science},
  volume={34},
  pages={450--457},
  year={2014},
  publisher={Elsevier}
}

@inproceedings{anguita2012human,
  title={Human activity recognition on smartphones using a multiclass hardware-friendly support vector machine},
  author={Anguita, Davide and Ghio, Alessandro and Oneto, Luca and Parra, Xavier and Reyes-Ortiz, Jorge L},
  booktitle={International workshop on ambient assisted living},
  pages={216--223},
  year={2012},
  organization={Springer}
}

@article{attal2015physical,
  title={Physical human activity recognition using wearable sensors},
  author={Attal, Ferhat and Mohammed, Samer and Dedabrishvili, Mariam and Chamroukhi, Faicel and Oukhellou, Latifa and Amirat, Yacine},
  journal={Sensors},
  volume={15},
  number={12},
  pages={31314--31338},
  year={2015},
  publisher={Multidisciplinary Digital Publishing Institute}
}

@inproceedings{yang2015deep,
  title={Deep convolutional neural networks on multichannel time series for human activity recognition},
  author={Yang, Jianbo and Nguyen, Minh Nhut and San, Phyo Phyo and Li, Xiao Li and Krishnaswamy, Shonali},
  booktitle={Twenty-fourth international joint conference on artificial intelligence},
  year={2015}
}

@inproceedings{chen2015deep,
  title={A deep learning approach to human activity recognition based on single accelerometer},
  author={Chen, Yuqing and Xue, Yang},
  booktitle={2015 IEEE international conference on systems, man, and cybernetics},
  pages={1488--1492},
  year={2015},
  organization={IEEE}
}

@article{tsokov2021evolutionary,
  title={An evolutionary approach to the design of convolutional neural networks for human activity recognition},
  author={Tsokov, Stefan and Lazarova, Milena and Aleksieva-Petrova, Adelina},
  journal={Indian Journal of Computer Science and Engineering},
  volume={12},
  number={2},
  pages={499--517},
  year={2021}
}

@article{dang2020sensor,
  title={Sensor-based and vision-based human activity recognition: A comprehensive survey},
  author={Dang, L Minh and Min, Kyungbok and Wang, Hanxiang and Piran, Md Jalil and Lee, Cheol Hee and Moon, Hyeonjoon},
  journal={Pattern Recognition},
  volume={108},
  pages={107561},
  year={2020},
  publisher={Elsevier}
}

