@article{fatigue_detection,
  title   = {スマートウォッチを用いた疲労度検出の試行に関する研究},
  author  = {今井 龍一 and 神谷 大介 and 井上 晴可 and 田中 成典 and 櫻井 淳},
  journal = {日本知能情報ファジィ学会 ファジィ システム シンポジウム 講演論文集},
  volume  = {34},
  number  = {},
  pages   = {407-408},
  year    = {2018},
%   doi     = {10.14864/fss.34.0_407}
}

@article{arrhythmia_detection,
  author    = {Han, Dong
and Bashar, Syed Khairul
and Mohagheghian, Fahimeh
and Ding, Eric
and Whitcomb, Cody
and McManus, David D.
and Chon, Ki H.},
  title     = {Premature Atrial and Ventricular Contraction Detection using Photoplethysmographic Data from a Smartwatch},
  journal   = {Sensors (Basel, Switzerland)},
  year      = {2020},
  volume    = {20},
  number    = {19},
  pages     = {5683},
%   month     = {Oct},
%   day       = {05},
%   publisher = {MDPI},
%   issn      = {1424-8220},
%   doi       = {10.3390/s20195683},
%   url       = {https://pubmed.ncbi.nlm.nih.gov/33028000},
%   url       = {https://doi.org/10.3390/s20195683},
%   language  = {eng}
}

@inproceedings{accuracy_in_low_intensity,
  author    = {S. {Spinsante} and S. {Porfiri} and L. {Scalise}},
  booktitle = {2019 IEEE International Symposium on Medical Measurements and Applications (MeMeA)},
  title     = {Accuracy of Heart Rate Measurements by a Smartwatch in Low Intensity Activities},
  year      = {2019},
  volume    = {},
  number    = {},
  pages     = {1-6},
%   doi       = {10.1109/MeMeA.2019.8802216}
}

@inproceedings{localization_vahdatpour,
  author    = {A. {Vahdatpour} and N. {Amini} and M. {Sarrafzadeh}},
  booktitle = {2011 IEEE International Conference on Pervasive Computing and Communications (PerCom)},
  title     = {On-body device localization for health and medical monitoring applications},
  year      = {2011},
  volume    = {},
  number    = {},
  pages     = {37-44},
%   doi       = {10.1109/PERCOM.2011.5767593}
}

@article{localization_timo,
  title   = {Position-aware activity recognition with wearable devices},
  journal = {Pervasive and Mobile Computing},
  volume  = {38},
  pages   = {281 - 295},
  year    = {2017},
  author  = {Timo Sztyler and Heiner Stuckenschmidt and Wolfgang Petrich},
%   note    = {Special Issue IEEE International Conference on Pervasive Computing and Communications (PerCom) 2016},
%   issn    = {1574-1192},
%   doi     = {https://doi.org/10.1016/j.pmcj.2017.01.008},
%   url     = {http://www.sciencedirect.com/science/article/pii/S1574119217300500},
}

@inproceedings{localization_kunze,
  author    = {Kunze, Kai
and Lukowicz, Paul
and Junker, Holger
and Tr{\"o}ster, Gerhard},
  title     = {Where am I: Recognizing On-body Positions of Wearable Sensors},
  booktitle = {Location- and Context-Awareness},
  year      = {2005},
  pages     = {264--275},
%   editor    = {Strang, Thomas
% and Linnhoff-Popien, Claudia},
%   publisher = {Springer Berlin Heidelberg},
%   address   = {Berlin, Heidelberg},
%   isbn      = {978-3-540-32042-5}
}

@inproceedings{localization_yoshida,
  author    = {Yoshida, Kazuki and Murao, Kazuya},
  title     = {Estimating Load Positions of Wearable Devices Based on Difference in Pulse Wave Arrival Time},
  year      = {2019},
  booktitle = {Proceedings of the 23rd International Symposium on Wearable Computers (ISWC)},
  pages     = {234–243},
%   series    = {ISWC '19},
%   isbn      = {9781450368704},
%   publisher = {Association for Computing Machinery},
%   address   = {New York, NY, USA},
%   url       = {https://doi.org/10.1145/3341163.3347743},
%   doi       = {10.1145/3341163.3347743},
%   numpages  = {10},
%   keywords  = {electrocardiogram (ECG), heartbeat, wearable sensor, load position estimation, pulse wave, wearable device, pulse wave velocity (PWV)},
%   location  = {London, United Kingdom},
}

@inproceedings{smart_wristband,
  author    = {Ham, Jooyeun and Hong, Jonggi and Jang, Youngkyoon and Ko, Seung Hwan and Woo, Woontack},
  title     = {Smart Wristband: Touch-and-Motion--Tracking Wearable 3D Input Device for Smart Glasses},
  booktitle = {Distributed, Ambient, and Pervasive Interactions},
  year      = {2014},
  pages     = {109--118},
%   editor    = {Streitz, Norbert and Markopoulos, Panos},
%   publisher = {Springer International Publishing},
%   address   = {Cham},
%   isbn      = {978-3-319-07788-8}
}

@inproceedings{bioglass,
  author    = {J. {Hernandez} and Y. {Li} and J. M. {Rehg} and R. W. {Picard}},
  booktitle = {2014 4th International Conference on Wireless Mobile Communication and Healthcare - Transforming Healthcare Through Innovations in Mobile and Wireless Technologies (MOBIHEALTH)},
  title     = {BioGlass: Physiological parameter estimation using a head-mounted wearable device},
  year      = {2014},
  volume    = {},
  number    = {},
  pages     = {55--58}
}

@inproceedings{smart_cap,
  author    = {A. {Nishajith} and J. {Nivedha} and S. S. {Nair} and J. {Mohammed Shaffi}},
  booktitle = {2018 International Conference on Inventive Research in Computing Applications (ICIRCA)},
  title     = {Smart Cap - Wearable Visual Guidance System for Blind},
  year      = {2018},
  volume    = {},
  number    = {},
  pages     = {275--278}
}

@techreport{akimoto,
  author      = {秋元 優摩 and 村尾 和哉},
  title       = {手で上腕を圧迫することによる脈波制御を用いたウェアラブルデバイス入力インタフェース},
  year        = {2020},
  number      = {19},
%   institution = {立命館大学大学院情報理工学研究科, 立命館大学大学院情報理工学研究科／科学技術振興機構さきがけ},
%   month       = {dec}
}
